@inproceedings{mmmw21,
  title={Hutch++: Optimal Stochastic Trace Estimation},
  author={Meyer, Raphael A. and Musco, Cameron and Musco, Christopher and Woodruff, David P.},
  year={2021}
}

@article{jpwz21,
  title={Optimal Sketching for Trace Estimation},
  author={Jiang, Shuli and Pham, Hai and Woodruff, David P. and Zhang, Qiuyi (Richard)},
  year={2021}
}

@inproceedings{cr12,
  title={An Optimal Lower Bound on the Communication Complexity of GAP-HAMMING-DISTANCE},
  author={Chakrabarti, Amit and Regev, Oded},
  year={2012},
}

@article{sherstov2012communication,
  title={The Communication Complexity of Gap Hamming Distance},
  author={Sherstov, Alexander A.},
  year={2012},
}

@article{vidick2012concentration,
  title={A concentration inequality for the overlap of a vector on a large set with application to the communication complexity of the Gap-Hamming-Distance problem},
  author={Vidick, Thomas},
  year={2012},
}

@article{cmw15,
  title={Optimal estimation and rank detection for sparse spiked covariance matrices},
  author={Cai, Tony and Ma, Zongming and Wu, Yihong},
  journal={Probability Theory and Related Fields},
  volume={161},
  pages={781--815},
  year={2015},
}

@article{pwbm18,
  title={Optimality and sub-optimality of {PCA} {I}: Spiked random matrix models},
  author={Perry, Amelia and Wein, Alexander and Bandeira, Afonso and Moitra, Ankur},
  journal={Annals of Statistics},
  volume={46},
  pages={2416--2451},
  year={2018},
  month={October},
}

@article{yao83,
  title={Lower bounds by probabilistic arguments},
  author={Yao, Andrew Chi-Chih},
  year={1983},
}

@misc{tao09web,
  title={Talagrandâ€™s concentration inequality},
  author={Tao, Terence},
  howpublished={Weblog entry},
  year={2009},
  month={June 9},
  url={http://terrytao.wordpress.com/2009/06/09/talagrands-concentration-inequality/}
}

@article{yao_prin,
  title={Probabilistic computations: Toward a unified measure of complexity},
  author={Yao, Andrew Chi-Chih},
  year={1977},
}

@book{kushilevitz1997communication,
  title={Communication Complexity},
  author={Kushilevitz, Eyal and Nisan, Noam},
  year={1997},
  publisher={Cambridge University Press},
  address={Cambridge}
}

@book{hdp,
  title={High-Dimensional Probability: An Introduction with Applications in Data Science},
  author={Roman Vershynin},
  year={2019},
}

@misc{bakshi2022lowrank,
      title={Low-Rank Approximation with $1/\epsilon^{1/3}$ Matrix-Vector Products}, 
      author={Ainesh Bakshi and Kenneth L. Clarkson and David P. Woodruff},
      year={2022},
      eprint={2202.05120},
      archivePrefix={arXiv},
      primaryClass={cs.DS}
}

@misc{braverman2021gradient,
      title={The gradient complexity of linear regression}, 
      author={Mark Braverman and Elad Hazan and Max Simchowitz and Blake Woodworth},
      year={2021},
      eprint={1911.02212},
      archivePrefix={arXiv},
      primaryClass={cs.LG}
}

@misc{simchowitz2020tight,
      title={Tight Query Complexity Lower Bounds for PCA via Finite Sample Deformed Wigner Law}, 
      author={Max Simchowitz and Ahmed El Alaoui and Benjamin Recht},
      year={2020},
      eprint={1804.01221},
      archivePrefix={arXiv},
      primaryClass={cs.LG}
}

